<collection xmlns="http://www.loc.gov/MARC21/slim">
<record>
  <leader>02144nam0a2200409 i 450 </leader>
  <controlfield tag="001">IT\ICCU\CNCE\005363</controlfield>
  <controlfield tag="005">20181016000000.0</controlfield>
  <datafield tag="012" ind1=" " ind2=" ">
    <subfield code="a">sia- umon pecu eira (3) 1503 (A)</subfield>
    <subfield code="2">fei</subfield>
  </datafield>
  <datafield tag="100" ind1=" " ind2=" ">
    <subfield code="a">19970101d1503        0itac0103    ba</subfield>
  </datafield>
  <datafield tag="101" ind1=" " ind2=" ">
    <subfield code="a">LAT</subfield>
  </datafield>
  <datafield tag="102" ind1=" " ind2=" ">
    <subfield code="a">IT</subfield>
  </datafield>
  <datafield tag="200" ind1="1" ind2=" ">
    <subfield code="a">Preclara prestantissimi viri totoque orbe terrarum clarissimi Ugonis Senensis interpretatio in primam quarti canonis principis: que de febribus dicitur</subfield>
  </datafield>
  <datafield tag="210" ind1=" " ind2=" ">
    <subfield code="e">Venetijs</subfield>
    <subfield code="g">sumptu ac expensis heredum Octauiani Scoti</subfield>
    <subfield code="g">per Bonetum Locatellum</subfield>
    <subfield code="h">1503</subfield>
  </datafield>
  <datafield tag="215" ind1=" " ind2=" ">
    <subfield code="a">86 c.</subfield>
    <subfield code="d">fol</subfield>
  </datafield>
  <datafield tag="620" ind1=" " ind2=" ">
    <subfield code="a">IT</subfield>
    <subfield code="d">Venezia</subfield>
  </datafield>
  <datafield tag="700" ind1=" " ind2="1">
    <subfield code="a">Benzi,</subfield>
    <subfield code="b">Ugo</subfield>
    <subfield code="3">IT\ICCU\CNCA\001624</subfield>
  </datafield>
  <datafield tag="702" ind1=" " ind2="0">
    <subfield code="a">Avicenna</subfield>
    <subfield code="3">IT\ICCU\CNCA\000237</subfield>
  </datafield>
  <datafield tag="712" ind1="0" ind2="0">
    <subfield code="a">Locatello, Boneto</subfield>
    <subfield code="3">IT\ICCU\CNCT\000131</subfield>
    <subfield code="4">650</subfield>
  </datafield>
  <datafield tag="712" ind1="0" ind2="0">
    <subfield code="a">Scoto, Ottaviano</subfield>
    <subfield code="c"> &lt;1.&gt; - eredi</subfield>
    <subfield code="3">IT\ICCU\CNCT\000130</subfield>
    <subfield code="4">650</subfield>
  </datafield>
  <datafield tag="790" ind1=" " ind2="1">
    <subfield code="a">Benci,</subfield>
    <subfield code="b">Ugo</subfield>
    <subfield code="3">IT\ICCU\CNCA\007824</subfield>
    <subfield code="z">Benzi, Ugo</subfield>
  </datafield>
  <datafield tag="790" ind1=" " ind2="0">
    <subfield code="a">Ugo</subfield>
    <subfield code="c"> : Senensis</subfield>
    <subfield code="3">IT\ICCU\CNCA\015075</subfield>
    <subfield code="z">Benzi, Ugo</subfield>
  </datafield>
  <datafield tag="790" ind1=" " ind2="1">
    <subfield code="a">Bentius,</subfield>
    <subfield code="b">Ugo</subfield>
    <subfield code="3">IT\ICCU\CNCA\022167</subfield>
    <subfield code="z">Benzi, Ugo</subfield>
  </datafield>
  <datafield tag="790" ind1=" " ind2="0">
    <subfield code="a">Abu &apos;Ali al-Husain ibn &apos;Abd Allah ibn Sina</subfield>
    <subfield code="3">IT\ICCU\CNCA\012315</subfield>
    <subfield code="z">Avicenna</subfield>
  </datafield>
  <datafield tag="790" ind1=" " ind2="1">
    <subfield code="a">Ibn Sina,</subfield>
    <subfield code="b">Abu Ali</subfield>
    <subfield code="3">IT\ICCU\CNCA\014502</subfield>
    <subfield code="z">Avicenna</subfield>
  </datafield>
  <datafield tag="791" ind1="0" ind2="0">
    <subfield code="a">Locatellus, Bonetus</subfield>
    <subfield code="3">IT\ICCU\CNCT\004971</subfield>
    <subfield code="z">Locatello, Boneto</subfield>
  </datafield>
  <datafield tag="791" ind1="0" ind2="0">
    <subfield code="a">Locatellis, Bonetus de</subfield>
    <subfield code="3">IT\ICCU\CNCT\004972</subfield>
    <subfield code="z">Locatello, Boneto</subfield>
  </datafield>
  <datafield tag="791" ind1="0" ind2="0">
    <subfield code="a">Scotus, Octavianus</subfield>
    <subfield code="c"> &lt;1.&gt; - eredi</subfield>
    <subfield code="3">IT\ICCU\CNCT\005636</subfield>
    <subfield code="z">Scoto, Ottaviano &lt;1.&gt; - eredi</subfield>
  </datafield>
  <datafield tag="791" ind1="0" ind2="0">
    <subfield code="a">Scotti, Ottaviano</subfield>
    <subfield code="c"> &lt;1.&gt; - eredi</subfield>
    <subfield code="3">IT\ICCU\CNCT\005637</subfield>
    <subfield code="z">Scoto, Ottaviano &lt;1.&gt; - eredi</subfield>
  </datafield>
  <datafield tag="801" ind1=" " ind2="3">
    <subfield code="a">IT</subfield>
    <subfield code="b">ICCU</subfield>
    <subfield code="c">20201113</subfield>
  </datafield>
  <datafield tag="899" ind1=" " ind2=" ">
    <subfield code="a">Biblioteca estera - Biblioteca Universidad Complutense de Madrid. Madrid</subfield>
    <subfield code="1">AA0002</subfield>
  </datafield>
  <datafield tag="899" ind1=" " ind2=" ">
    <subfield code="a">Biblioteca civica Berio. Genova</subfield>
    <subfield code="1">GE0036</subfield>
    <subfield code="2">SGE BE</subfield>
  </datafield>
  <datafield tag="899" ind1=" " ind2=" ">
    <subfield code="a">Biblioteca Estense Universitaria. Modena</subfield>
    <subfield code="1">MO0089</subfield>
    <subfield code="2">MOD BE</subfield>
  </datafield>
  <datafield tag="899" ind1=" " ind2=" ">
    <subfield code="a">Biblioteca comunale Augusta. Perugia</subfield>
    <subfield code="1">PG0109</subfield>
    <subfield code="2">UM1 01</subfield>
  </datafield>
  <datafield tag="899" ind1=" " ind2=" ">
    <subfield code="a">Biblioteca Vallicelliana. Roma</subfield>
    <subfield code="1">RM0281</subfield>
    <subfield code="2">RML 08</subfield>
  </datafield>
  <datafield tag="899" ind1=" " ind2=" ">
    <subfield code="a">Biblioteca Angelica. Roma</subfield>
    <subfield code="1">RM0290</subfield>
    <subfield code="2">RML 06</subfield>
  </datafield>
  <datafield tag="911" ind1=" " ind2=" ">
    <subfield code="a">A c. i10v</subfield>
    <subfield code="9">IT\ICCU\CNCM\000961</subfield>
  </datafield>
  <datafield tag="921" ind1=" " ind2=" ">
    <subfield code="a">IT\ICCU\CNCM\000961</subfield>
    <subfield code="b">Cerchio con croce doppia e iniziali O.S.M. su sfondo  nero</subfield>
    <subfield code="c">K284</subfield>
    <subfield code="d">Dimensioni: 4,5 x 5,8</subfield>
    <subfield code="f">CERCHIO</subfield>
    <subfield code="f">OSM</subfield>
    <subfield code="g">1501-1517</subfield>
  </datafield>
</record>
</collection>
